@techreport{RFC1950,
  author = {L. Peter Deutsch and Jean-Loup Gailly},
  title = {ZLIB Compressed Data Format Specification version 3.3},
  howpublished = {Internet Requests for Comments},
  type = {RFC},
  number = {1950},
  year = {1996},
  month = {5},
  issn = {2070-1721},
  publisher = {RFC Editor},
  institution = {RFC Editor},
  @url = {http://www.rfc-editor.org/rfc/rfc1950.txt},
  @note = {\url{http://www.rfc-editor.org/rfc/rfc1950.txt}},
}
@techreport{RFC1951,
  author = {L. Peter Deutsch},
  title = {DEFLATE Compressed Data Format Specification version 1.3},
  howpublished = {Internet Requests for Comments},
  type = {RFC},
  number = {1951},
  year = {1996},
  month = {5},
  issn = {2070-1721},
  publisher = {RFC Editor},
  institution = {RFC Editor},
  @url = {http://www.rfc-editor.org/rfc/rfc1951.txt},
  @note = {\url{http://www.rfc-editor.org/rfc/rfc1951.txt}},
}
@techreport{RFC1952,
  author = {L. Peter Deutsch and Jean-Loup Gailly and Mark Adler and Glenn Randers-Pehrson},
  title = {GZIP file format specification version 4.3},
  howpublished = {Internet Requests for Comments},
  type = {RFC},
  number = {1952},
  year = {1996},
  month = {5},
  issn = {2070-1721},
  publisher = {RFC Editor},
  institution = {RFC Editor},
  @url = {http://www.rfc-editor.org/rfc/rfc1952.txt},
  @note = {\url{http://www.rfc-editor.org/rfc/rfc1952.txt}},
}
